@article{nosql,
    author    = "Christof Strauch",
    title     = "NoSQL Databases",
    pages     = "1--147",
    year      = "2014",
    DOI       = "https://bigb.es/lectures/2014/15.5.pdf",
    keywords  = "software-technology, database, nosql"
}

@online{mongodb,
    title     = "Introduction to MongoDB",
    url       = "https://www.mongodb.com/docs/manual/introduction/",
    keywords  = "mongodb,documents,collections"
}

@online{proxmox,
    title     = "Proxmox: A type-1 hypervisor",
    url       = "https://www.proxmox.com/en/",
    keywords  = "proxmox,virtualization"
}

@online{lxc,
    title     = "Introduction to LXC",
    url       = "https://linuxcontainers.org/lxc/introduction/",
    keywords  = "proxmox,lxc,container"
}

@online{gplv3,
    title     = "GNU General Public License",
    url       = "https://www.gnu.org/licenses/gpl-3.0.html",
    keywords  = "GNU,GPLv3,license"
}

@online{kvm,
    title     = "Kernel-based Virtual Machine",
    url       = "https://www.linux-kvm.org/page/Main_Page",
    keywords  = "kvm,virtualization,redhat"
}

@online{ddos,
    title     = "What is a DDOS attack?",
    url       = "https://www.cloudflare.com/en-gb/learning/ddos/what-is-a-ddos-attack/",
    keywords  = "ddos,attack,unresponsive"
}

@online{lighthouse,
    title     = "Lighthouse",
    url       = "https://developers.google.com/web/tools/lighthouse",
    keywords  = "lighthouse,performance,test"
}

@online{codecov,
    title     = "CodeCov",
    url       = "https://about.codecov.io/",
    keywords  = "codecov,reports,testing"
}

@online{snyk,
    title     = "Snyk",
    url       = "https://snyk.io/",
    keywords  = "snyk,vulnerability,image"
}

@online{sdc,
    title     = "What is DevOps?",
    author    = "Helge Pfeiffer",
    url       = "https://github.com/itu-devops/lecture_notes/blob/master/sessions/session_05/Session%205.ipynb",
    keywords  = "development,cycle"
}

@online{raft,
    title     = "Raft Consensus Algorithm",
    url       = "https://raft.github.io/",
    keywords  = "Raft"
}





% @article{einstein,
%   author =       "Albert Einstein",
%   title =        "{Zur Elektrodynamik bewegter K{\"o}rper}. ({German})
%                  [{On} the electrodynamics of moving bodies]",
%   journal =      "Annalen der Physik",
%   volume =       "322",
%   number =       "10",
%   pages =        "891--921",
%   year =         "1905",
%   DOI =          "http://dx.doi.org/10.1002/andp.19053221004",
%   keywords =     "physics"
% }

% @book{dirac,
%   title={The Principles of Quantum Mechanics},
%   author={Paul Adrien Maurice Dirac},
%   isbn={9780198520115},
%   series={International series of monographs on physics},
%   year={1981},
%   publisher={Clarendon Press},
%   keywords = {physics}
% }

% @inbook{knuth-fa,
%   author = "Donald E. Knuth",
%   title = "Fundamental Algorithms",
%   publisher = "Addison-Wesley",
%   year = "1973",
%   chapter = "1.2",
%   keywords  = "knuth,programming"
% }